<?xml version="1.0" encoding="UTF-8"?><collection xmlns="http://www.loc.gov/MARC21/slim"><record><leader>00508nam--2200193-i-4500</leader><controlfield tag="001">000012172</controlfield><controlfield tag="002">20161230</controlfield><controlfield tag="005">20161230201029</controlfield><controlfield tag="008">060222s1000------------r-----000-0-rum-d</controlfield><datafield ind1=" " ind2=" " tag="040"><subfield code="a">IFIN-HH</subfield></datafield><datafield ind1=" " ind2=" " tag="041"><subfield code="a">rum</subfield></datafield><datafield ind1=" " ind2=" " tag="080"><subfield code="a">531:62-1</subfield></datafield><datafield ind1="1" ind2=" " tag="100"><subfield code="a">Bogdan, R.C</subfield></datafield><datafield ind1="1" ind2="0" tag="245"><subfield code="a">Sinteza mecanismelor plane articulate</subfield><subfield code="c">R.C. Bogdan, D. Larionescu, S. Cononovici</subfield></datafield><datafield ind1=" " ind2=" " tag="260"><subfield code="a">Bucuresti, Ed.Acad.R.S.R., 1977</subfield></datafield><datafield ind1=" " ind2=" " tag="300"><subfield code="a">309 p</subfield></datafield><datafield ind1="1" ind2=" " tag="700"><subfield code="a">Cononovici, S</subfield></datafield><datafield ind1=" " ind2=" " tag="852"><subfield code="a">44702</subfield><subfield code="c">531</subfield></datafield><datafield ind1=" " ind2=" " tag="CAT"><subfield code="a">Sys</subfield><subfield code="c">20100628</subfield><subfield code="h">142043</subfield></datafield></record></collection>